@article{he2016evolview,
  title={Evolview v2: an online visualization and management tool for customized and annotated phylogenetic trees},
  author={He, Zilong and Zhang, Huangkai and Gao, Shenghan and Lercher, Martin J and Chen, Wei-Hua and Hu, Songnian},
  journal={Nucleic acids research},
  volume={44},
  number={W1},
  pages={W236--W241},
  year={2016},
  publisher={Oxford University Press}
}

@article{mahony2007stamp,
  title={STAMP: a web tool for exploring DNA-binding motif similarities},
  author={Mahony, Shaun and Benos, Panayiotis V},
  journal={Nucleic acids research},
  volume={35},
  number={suppl\_2},
  pages={W253--W258},
  year={2007},
  publisher={Oxford University Press}
}

@article{huggins2011decod,
  title={DECOD: fast and accurate discriminative DNA motif finding},
  author={Huggins, Peter and Zhong, Shan and Shiff, Idit and Beckerman, Rachel and Laptenko, Oleg and Prives, Carol and Schulz, Marcel H and Simon, Itamar and Bar-Joseph, Ziv},
  journal={Bioinformatics},
  volume={27},
  number={17},
  pages={2361--2367},
  year={2011},
  publisher={Oxford University Press}
}

@article{bailey2009meme,
  title={MEME SUITE: tools for motif discovery and searching},
  author={Bailey, Timothy L and Boden, Mikael and Buske, Fabian A and Frith, Martin and Grant, Charles E and Clementi, Luca and Ren, Jingyuan and Li, Wilfred W and Noble, William S},
  journal={Nucleic acids research},
  volume={37},
  number={suppl\_2},
  pages={W202--W208},
  year={2009},
  publisher={Oxford University Press}
}

@article{reid2011steme,
  title={STEME: efficient EM to find motifs in large data sets},
  author={Reid, John E and Wernisch, Lorenz},
  journal={Nucleic acids research},
  volume={39},
  number={18},
  pages={e126--e126},
  year={2011},
  publisher={Oxford University Press}
}

@article{yao2013discriminative,
  title={Discriminative motif analysis of high-throughput dataset},
  author={Yao, Zizhen and MacQuarrie, Kyle L and Fong, Abraham P and Tapscott, Stephen J and Ruzzo, Walter L and Gentleman, Robert C},
  journal={Bioinformatics},
  volume={30},
  number={6},
  pages={775--783},
  year={2013},
  publisher={Oxford University Press}
}

@article{henry2014omictools,
  title={OMICtools: an informative directory for multi-omic data analysis},
  author={Henry, Vincent J and Bandrowski, Anita E and Pepin, Anne-Sophie and Gonzalez, Bruno J and Desfeux, Arnaud},
  journal={Database},
  volume={2014},
  year={2014},
  publisher={Oxford University Press}
}

@article{mahony2007stamp,
  title={STAMP: a web tool for exploring DNA-binding motif similarities},
  author={Mahony, Shaun and Benos, Panayiotis V},
  journal={Nucleic acids research},
  volume={35},
  number={suppl\_2},
  pages={W253--W258},
  year={2007},
  publisher={Oxford University Press}
}

@article{sandelin2004jaspar,
  title={JASPAR: an open-access database for eukaryotic transcription factor binding profiles},
  author={Sandelin, Albin and Alkema, Wynand and Engstr{\"o}m, P{\"a}r and Wasserman, Wyeth W and Lenhard, Boris},
  journal={Nucleic acids research},
  volume={32},
  number={suppl\_1},
  pages={D91--D94},
  year={2004},
  publisher={Oxford University Press}
}

@article{karolchik2004ucsc,
  title={The UCSC Table Browser data retrieval tool},
  author={Karolchik, Donna and Hinrichs, Angela S and Furey, Terrence S and Roskin, Krishna M and Sugnet, Charles W and Haussler, David and Kent, W James},
  journal={Nucleic acids research},
  volume={32},
  number={suppl\_1},
  pages={D493--D496},
  year={2004},
  publisher={Oxford University Press}
}

@article{jayaram2016evaluating,
  title={Evaluating tools for transcription factor binding site prediction},
  author={Jayaram, Narayan and Usvyat, Daniel and Martin, Andrew CR},
  journal={BMC bioinformatics},
  pages={1},
  year={2016},
  publisher={BioMed Central}
}

@misc{homer_ws,
  title = {{HOMER} Program Index},
  author={Benner, Christian},
  howpublished = {\url{http://homer.ucsd.edu/}},
  year={2018}
  note = {Accessed: 2018-20-01}
}

@article{linhart2008transcription,
  title={Transcription factor and microRNA motif discovery: the Amadeus platform and a compendium of metazoan target sets},
  author={Linhart, Chaim and Halperin, Yonit and Shamir, Ron},
  journal={Genome research},
  volume={18},
  number={7},
  pages={1180--1189},
  year={2008},
  publisher={Cold Spring Harbor Lab}
}

@article{siebert2016bayesian,
  title={Bayesian Markov models consistently outperform PWMs at predicting motifs in nucleotide sequences},
  author={Siebert, Matthias and S{\"o}ding, Johannes},
  journal={Nucleic acids research},
  volume={44},
  number={13},
  pages={6055--6069},
  year={2016},
  publisher={Oxford University Press}
}

@article{heinz2010simple,
  title={Simple combinations of lineage-determining transcription factors prime cis-regulatory elements required for macrophage and B cell identities},
  author={Heinz, Sven and Benner, Christopher and Spann, Nathanael and Bertolino, Eric and Lin, Yin C and Laslo, Peter and Cheng, Jason X and Murre, Cornelis and Singh, Harinder and Glass, Christopher K},
  journal={Molecular cell},
  volume={38},
  number={4},
  pages={576--589},
  year={2010},
  publisher={Elsevier}
}

@article{bailey2011dreme,
  title={DREME: motif discovery in transcription factor ChIP-seq data},
  author={Bailey, Timothy L},
  journal={Bioinformatics},
  volume={27},
  number={12},
  pages={1653--1659},
  year={2011},
  publisher={Oxford University Press}
}

@article{sun2015affinity,
  title={An affinity propagation-based DNA motif discovery algorithm},
  author={Sun, Chunxiao and Huo, Hongwei and Yu, Qiang and Guo, Haitao and Sun, Zhigang},
  journal={BioMed research international},
  volume={2015},
  year={2015},
  publisher={Hindawi Publishing Corporation}
}

@book{cormen2009introduction,
  title={Introduction to algorithms},
  author={Cormen, Thomas H},
  year={2009},
  publisher={MIT press}
}

@book{dasgupta2006algorithms,
  title={Algorithms},
  author={Dasgupta, Sanjoy and Papadimitriou, Christos H and Vazirani, Umesh},
  year={2006},
  publisher={McGraw-Hill, Inc.}
}

@article{tran2014survey,
  title={A survey of motif finding Web tools for detecting binding site motifs in ChIP-Seq data},
  author={Tran, Ngoc Tam L and Huang, Chun-Hsi},
  journal={Biology direct},
  volume={9},
  number={1},
  pages={4},
  year={2014},
  publisher={BioMed Central}
}

@article{das2007survey,
  title={A survey of DNA motif finding algorithms},
  author={Das, Modan K and Dai, Ho-Kwok},
  journal={BMC bioinformatics},
  volume={8},
  number={7},
  pages={S21},
  year={2007},
  publisher={BioMed Central}
}

@article{dassi2016dynamit,
  title={DynaMIT: the dynamic motif integration toolkit},
  author={Dassi, Erik and Quattrone, Alessandro},
  journal={Nucleic acids research},
  volume={44},
  number={1},
  pages={e2--e2},
  year={2016},
  publisher={Oxford University Press}
}

@article{zhang2016entropy,
  title={An Entropy-Based Position Projection Algorithm for Motif Discovery},
  author={Zhang, Yipu and Wang, Ping and Yan, Maode},
  journal={BioMed research international},
  volume={2016},
  year={2016},
  publisher={Hindawi Publishing Corporation}
}

@article{inukai2017transcription,
  title={Transcription factor--DNA binding: beyond binding site motifs},
  author={Inukai, Sachi and Kock, Kian Hong and Bulyk, Martha L},
  journal={Current Opinion in Genetics \& Development},
  volume={43},
  pages={110--119},
  year={2017},
  publisher={Elsevier}
}

@article{yang2007prevalence,
  title={Prevalence of the initiator over the TATA box in human and yeast genes and identification of DNA motifs enriched in human TATA-less core promoters},
  author={Yang, Chuhu and Bolotin, Eugene and Jiang, Tao and Sladek, Frances M and Martinez, Ernest},
  journal={Gene},
  volume={389},
  number={1},
  pages={52--65},
  year={2007},
  publisher={Elsevier}
}

@article{boeva2016analysis,
  title={Analysis of genomic sequence motifs for deciphering transcription factor binding and transcriptional regulation in eukaryotic cells},
  author={Boeva, Valentina},
  journal={Frontiers in genetics},
  volume={7},
  year={2016},
  publisher={Frontiers Media SA}
}

@article{kirsten2015dissecting,
  title={Dissecting the genetics of the human transcriptome identifies novel trait-related trans-eQTLs and corroborates the regulatory relevance of non-protein coding loci},
  author={Kirsten, Holger and Al-Hasani, Hoor and Holdt, Lesca and Gross, Arnd and Beutner, Frank and Krohn, Knut and Horn, Katrin and Ahnert, Peter and Burkhardt, Ralph and Reiche, Kristin and others},
  journal={Human molecular genetics},
  volume={24},
  number={16},
  pages={4746--4763},
  year={2015},
  publisher={Oxford University Press}
}

@article{gaffney2013global,
  title={Global properties and functional complexity of human gene regulatory variation},
  author={Gaffney, Daniel J},
  journal={PLoS genetics},
  volume={9},
  number={5},
  pages={e1003501},
  year={2013},
  publisher={Public Library of Science}
}

@article{zabidi2016regulatory,
  title={Regulatory enhancer--core-promoter communication via transcription factors and cofactors},
  author={Zabidi, Muhammad A and Stark, Alexander},
  journal={Trends in Genetics},
  volume={32},
  number={12},
  pages={801--814},
  year={2016},
  publisher={Elsevier}
}

@article{schor2017promoter,
  title={Promoter shape varies across populations and affects promoter evolution and expression noise},
  author={Schor, Ignacio E and Degner, Jacob F and Harnett, Dermot and Cannav{\`o}, Enrico and Casale, Francesco P and Shim, Heejung and Garfield, David A and Birney, Ewan and Stephens, Matthew and Stegle, Oliver and others},
  journal={Nature genetics},
  year={2017},
  publisher={Nature Research}
}

@Manual{hg19_ucsc,
    title = {BSgenome.Hsapiens.UCSC.hg19: Full genome sequences for Homo sapiens (UCSC version hg19)},
    author = {The Bioconductor Dev Team},
    year = {2014},
    note = {R package version 1.4.0},
  }
  
@article{zabidi2016regulatory,
  title={Regulatory enhancer--core-promoter communication via transcription factors and cofactors},
  author={Zabidi, Muhammad A and Stark, Alexander},
  journal={Trends in Genetics},
  volume={32},
  number={12},
  pages={801--814},
  year={2016},
  publisher={Elsevier}
}

@article{gaffney2013global,
  title={Global properties and functional complexity of human gene regulatory variation},
  author={Gaffney, Daniel J},
  journal={PLoS genetics},
  volume={9},
  number={5},
  pages={e1003501},
  year={2013},
  publisher={Public Library of Science}
}

@article{pai2015genetic,
  title={The genetic and mechanistic basis for variation in gene regulation},
  author={Pai, Athma A and Pritchard, Jonathan K and Gilad, Yoav},
  journal={PLoS genetics},
  volume={11},
  number={1},
  pages={e1004857},
  year={2015},
  publisher={Public Library of Science}
}

@article{beckerman2005gene,
  title={Gene Regulation in Eukaryotes},
  author={Beckerman, Martin},
  journal={Molecular and Cellular Signaling},
  pages={385--410},
  year={2005},
  publisher={Springer}
}

@article{stewart2012transcription,
  title={Why transcription factor binding sites are ten nucleotides long},
  author={Stewart, Alexander J and Hannenhalli, Sridhar and Plotkin, Joshua B},
  journal={Genetics},
  volume={192},
  number={3},
  pages={973--985},
  year={2012},
  publisher={Genetics Soc America}
}

@article{d2006dna,
  title={What are DNA sequence motifs?},
  author={D'haeseleer, Patrik},
  journal={Nature biotechnology},
  volume={24},
  number={4},
  pages={423--425},
  year={2006},
  publisher={Nature Publishing Group}
}

@article{nica2013expression,
  title={Expression quantitative trait loci: present and future},
  author={Nica, Alexandra C and Dermitzakis, Emmanouil T},
  journal={Phil. Trans. R. Soc. B},
  volume={368},
  number={1620},
  pages={20120362},
  year={2013},
  publisher={The Royal Society}
}

@article{albert2015role,
  title={The role of regulatory variation in complex traits and disease},
  author={Albert, Frank W and Kruglyak, Leonid},
  journal={Nature Reviews Genetics},
  volume={16},
  number={4},
  pages={197--212},
  year={2015},
  publisher={Nature Research}
}

@article{lloyd2017genetic,
  title={The genetic architecture of gene expression in peripheral blood},
  author={Lloyd-Jones, Luke R and Holloway, Alexander and McRae, Allan and Yang, Jian and Small, Kerrin and Zhao, Jing and Zeng, Biao and Bakshi, Andrew and Metspalu, Andres and Dermitzakis, Manolis and others},
  journal={The American Journal of Human Genetics},
  volume={100},
  number={2},
  pages={228--237},
  year={2017},
  publisher={Elsevier}
}

@article{yang2011gcta,
  title={{GCTA}: a tool for genome-wide complex trait analysis},
  author={Yang, Jian and Lee, S Hong and Goddard, Michael E and Visscher, Peter M},
  journal={The American Journal of Human Genetics},
  volume={88},
  number={1},
  pages={76--82},
  year={2011},
  publisher={Elsevier}
}

@article{peise2015high,
  title={High performance solutions for big-data GWAS},
  author={Peise, Elmar and Fabregat-Traver, Diego and Bientinesi, Paolo},
  journal={Parallel Computing},
  volume={42},
  pages={75--87},
  year={2015},
  publisher={Elsevier}
}

@article{servin2007imputation,
  title={Imputation-based analysis of association studies: candidate regions and quantitative traits},
  author={Servin, Bertrand and Stephens, Matthew},
  journal={PLoS genetics},
  volume={3},
  number={7},
  pages={e114},
  year={2007},
  publisher={Public Library of Science}
}

@article{locke2015genetic,
  title={Genetic studies of body mass index yield new insights for obesity biology},
  author={Locke, Adam E and Kahali, Bratati and Berndt, Sonja I and Justice, Anne E and Pers, Tune H and Day, Felix R and Powell, Corey and Vedantam, Sailaja and Buchkovich, Martin L and Yang, Jian and others},
  journal={Nature},
  volume={518},
  number={7538},
  pages={197--206},
  year={2015},
  publisher={Nature Research}
}

@article{bayesr,
    author = {Moser, Gerhard AND Lee, Sang Hong AND Hayes, Ben J. AND Goddard, Michael E. AND Wray, Naomi R. AND Visscher, Peter M.},
    journal = {PLoS {G}enetics},
    publisher = {Public Library of Science},
    title = {Simultaneous Discovery, Estimation and Prediction Analysis of Complex Traits Using a {B}ayesian Mixture Model},
    year = {2015},
    month = {04},
    volume = {11},
    pages = {e1004969},
    number = {4},
    doi = {10.1371/journal.pgen.1004969}
}   

@article{goddard2010genomic,
  title={Genomic selection in livestock populations},
  author={Goddard, Michael E and Hayes, Ben J and Meuwissen, Theo HE},
  journal={Genetics {R}esearch},
  volume={92},
  number={5-6},
  pages={413--421},
  year={2010},
  publisher={Cambridge Univ Press}
}

@article{habier2011extension,
  title={Extension of the {B}ayesian alphabet for genomic selection},
  author={Habier, David and Fernando, Rohan L and Kizilkaya, Kadir and Garrick, Dorian J},
  journal={{BMC} {B}ioinformatics},
  volume={12},
  number={1},
  pages={1},
  year={2011},
  publisher={BioMed Central}
}

@article {Meuwissen_2001,
	author = {Meuwissen, T. H. E. and Hayes, B. J. and Goddard, M. E.},
	title = {Prediction of Total Genetic Value Using Genome-Wide Dense Marker Maps},
	volume = {157},
	number = {4},
	pages = {1819--1829},
	year = {2001},
	publisher = {Genetics},
	abstract = {Recent advances in molecular genetic techniques will make dense marker maps available and genotyping many individuals for these markers feasible. Here we attempted to estimate the effects of \~{}50,000 marker haplotypes simultaneously from a limited number of phenotypic records. A genome of 1000 cM was simulated with a marker spacing of 1 cM. The markers surrounding every 1-cM region were combined into marker haplotypes. Due to finite population size (Ne = 100), the marker haplotypes were in linkage disequilibrium with the QTL located between the markers. Using least squares, all haplotype effects could not be estimated simultaneously. When only the biggest effects were included, they were overestimated and the accuracy of predicting genetic values of the offspring of the recorded animals was only 0.32. Best linear unbiased prediction of haplotype effects assumed equal variances associated to each 1-cM chromosomal segment, which yielded an accuracy of 0.73, although this assumption was far from true. Bayesian methods that assumed a prior distribution of the variance associated with each chromosome segment increased this accuracy to 0.85, even when the prior was not correct. It was concluded that selection on genetic values predicted from markers could substantially increase the rate of genetic gain in animals and plants, especially if combined with reproductive techniques to shorten the generation interval.},
	issn = {0016-6731},
	journal = {Genetics}
}

@article{tibshirani1996regression,
  title={Regression shrinkage and selection via the lasso},
  author={Tibshirani, Robert},
  journal={Journal of the Royal Statistical Society. Series B (Methodological)},
  pages={267--288},
  year={1996},
  publisher={JSTOR}
}

@article{rakitsch2013lasso,
  title={A {L}asso multi-marker mixed model for association mapping with population structure correction},
  author={Rakitsch, Barbara and Lippert, Christoph and Stegle, Oliver and Borgwardt, Karsten},
  journal={Bioinformatics},
  volume={29},
  number={2},
  pages={206--214},
  year={2013},
  publisher={Oxford Univ Press}
}

@article{segura2012efficient,
  title={An efficient multi-locus mixed-model approach for genome-wide association studies in structured populations},
  author={Segura, Vincent and Vilhj{\'a}lmsson, Bjarni J and Platt, Alexander and Korte, Arthur and Seren, {\"U}mit and Long, Quan and Nordborg, Magnus},
  journal={Nature genetics},
  volume={44},
  number={7},
  pages={825--830},
  year={2012},
  publisher={Nature Publishing Group}
}

@article{loh2015efficient,
  title={Efficient {B}ayesian mixed-model analysis increases association power in large cohorts},
  author={Loh, Po-Ru and Tucker, George and Bulik-Sullivan, Brendan K and Vilhjalmsson, Bjarni J and Finucane, Hilary K and Salem, Rany M and Chasman, Daniel I and Ridker, Paul M and Neale, Benjamin M and Berger, Bonnie and others},
  journal={Nature {G}enetics},
  volume={47},
  number={3},
  pages={284--290},
  year={2015},
  publisher={Nature Publishing Group}
}

@article{yang2014advantages,
  title={Advantages and pitfalls in the application of mixed-model association methods},
  author={Yang, Jian and Zaitlen, Noah A and Goddard, Michael E and Visscher, Peter M and Price, Alkes L},
  journal={Nature {G}enetics},
  volume={46},
  number={2},
  pages={100--106},
  year={2014},
  publisher={Nature Publishing Group}
}

@article{vilhjalmsson2013nature,
  title={The nature of confounding in genome-wide association studies},
  author={Vilhj{\'a}lmsson, Bjarni J and Nordborg, Magnus},
  journal={Nature Reviews Genetics},
  volume={14},
  number={1},
  pages={1--2},
  year={2013},
  publisher={Nature Publishing Group}
}

@article{gianola2009additive,
  title={Additive genetic variability and the {B}ayesian alphabet},
  author={Gianola, Daniel and de los Campos, Gustavo and Hill, William G and Manfredi, Eduardo and Fernando, Rohan},
  journal={Genetics},
  volume={183},
  number={1},
  pages={347--363},
  year={2009},
  publisher={Genetics Soc America}
}

@article{goddard2009estimating,
  title={Estimating effects and making predictions from genome-wide marker data},
  author={Goddard, Michael E and Wray, Naomi R and Verbyla, Klara and Visscher, Peter M and others},
  journal={Statistical Science},
  volume={24},
  number={4},
  pages={517--529},
  year={2009},
  publisher={Institute of Mathematical Statistics}
}

@article{stephens2016false,
  title={False discovery rates: a new deal},
  author={Stephens, Matthew},
  journal={Biostatistics},
  volume={18},
  number={2},
  pages={275--294},
  year={2016},
  publisher={Oxford University Press}
}

@article{zhou2013polygenic,
  title={Polygenic modeling with Bayesian sparse linear mixed models},
  author={Zhou, Xiang and Carbonetto, Peter and Stephens, Matthew},
  journal={PLoS genetics},
  volume={9},
  number={2},
  pages={e1003264},
  year={2013},
  publisher={Public Library of Science}
}

@article{guan2011bayesian,
  title={Bayesian variable selection regression for genome-wide association studies and other large-scale problems},
  author={Guan, Yongtao and Stephens, Matthew},
  journal={The Annals of Applied Statistics},
  pages={1780--1815},
  year={2011},
  publisher={JSTOR}
}

@article{robinson2017genetic,
  title={Genetic evidence of assortative mating in humans},
  author={Robinson, Matthew R and Kleinman, Aaron and Graff, Mariaelisa and Vinkhuyzen, Anna AE and Couper, David and Miller, Michael B and Peyrot, Wouter J and Abdellaoui, Abdel and Zietsch, Brendan P and Nolte, Ilja M and others},
  journal={Nature Human Behaviour},
  volume={1},
  pages={0016},
  year={2017},
  publisher={Nature Publishing Group}
}

@article{moser2015simultaneous,
  title={Simultaneous discovery, estimation and prediction analysis of complex traits using a Bayesian mixture model},
  author={Moser, Gerhard and Lee, Sang Hong and Hayes, Ben J and Goddard, Michael E and Wray, Naomi R and Visscher, Peter M},
  journal={PLoS genetics},
  volume={11},
  number={4},
  pages={e1004969},
  year={2015},
  publisher={Public Library of Science}
}

@article{li2003modeling,
  title={Modeling linkage disequilibrium and identifying recombination hotspots using single-nucleotide polymorphism data},
  author={Li, Na and Stephens, Matthew},
  journal={Genetics},
  volume={165},
  number={4},
  pages={2213--2233},
  year={2003},
  publisher={Genetics Soc America}
}

@article{wen2010using,
  title={Using linear predictors to impute allele frequencies from summary or pooled genotype data},
  author={Wen, Xiaoquan and Stephens, Matthew},
  journal={The annals of applied statistics},
  volume={4},
  number={3},
  pages={1158},
  year={2010},
  publisher={NIH Public Access}
}

@article{benner2017prospects,
  title={Prospects of Fine-Mapping Trait-Associated Genomic Regions by Using Summary Statistics from Genome-wide Association Studies},
  author={Benner, Christian and Havulinna, Aki S and J{\"a}rvelin, Marjo-Riitta and Salomaa, Veikko and Ripatti, Samuli and Pirinen, Matti},
  journal={The American Journal of Human Genetics},
  volume={101},
  number={4},
  pages={539--551},
  year={2017},
  publisher={Elsevier}
}

@article{zhu2017bayesian,
  title={Bayesian large-scale multiple regression with summary statistics from genome-wide association studies},
  author={Zhu, Xiang and Stephens, Matthew and others},
  journal={The Annals of Applied Statistics},
  volume={11},
  number={3},
  pages={1561--1592},
  year={2017},
  publisher={Institute of Mathematical Statistics}
}

@article{fernando2013bayesian,
  title={Bayesian methods applied to {GWAS}},
  author={Fernando, Rohan L and Garrick, Dorian},
  journal={Genome-Wide Association Studies and Genomic Prediction},
  pages={237--274},
  year={2013},
  publisher={Springer}
}

@article{vilhjalmsson2015modeling,
  title={Modeling linkage disequilibrium increases accuracy of polygenic risk scores},
  author={Vilhj{\'a}lmsson, Bjarni J and Yang, Jian and Finucane, Hilary K and Gusev, Alexander and Lindstr{\"o}m, Sara and Ripke, Stephan and Genovese, Giulio and Loh, Po-Ru and Bhatia, Gaurav and Do, Ron and others},
  journal={The American Journal of Human Genetics},
  volume={97},
  number={4},
  pages={576--592},
  year={2015},
  publisher={Elsevier}
}

@book{gelman2013bayesian,
  title={Bayesian data analysis},
  author={Gelman, Andrew and Carlin, John B and Stern, Hal S and Dunson, David B and Vehtari, Aki and Rubin, Donald B},
  year={2013},
  publisher={CRC press}
}


@inproceedings{goddard2014research,
  title={A Research Plan for the Identification of QTL},
  author={Goddard, Michael},
  booktitle={10th World Congress on Genetics Applied to Livestock Production},
  year={2014},
  organization={Asas}
}


@article{browning2011population,
  title={Population structure can inflate SNP-based heritability estimates},
  author={Browning, Sharon R and Browning, Brian L},
  journal={American journal of human genetics},
  volume={89},
  number={1},
  pages={191},
  year={2011},
  publisher={Elsevier}
}

@article{purcell2007plink,
  title={PLINK: a tool set for whole-genome association and population-based linkage analyses},
  author={Purcell, Shaun and Neale, Benjamin and Todd-Brown, Kathe and Thomas, Lori and Ferreira, Manuel AR and Bender, David and Maller, Julian and Sklar, Pamela and De Bakker, Paul IW and Daly, Mark J and others},
  journal={The American Journal of Human Genetics},
  volume={81},
  number={3},
  pages={559--575},
  year={2007},
  publisher={Elsevier}
}

@article{chen2014estimating,
  title={Estimating heritability of complex traits from genome-wide association studies using IBS-based Haseman--Elston regression},
  author={Chen, Guo-Bo},
  journal={Frontiers in genetics},
  volume={5},
  year={2014},
  publisher={Frontiers Media SA}
}


@article{yang2010common,
  title={Common SNPs explain a large proportion of the heritability for human height},
  author={Yang, Jian and Benyamin, Beben and McEvoy, Brian P and Gordon, Scott and Henders, Anjali K and Nyholt, Dale R and Madden, Pamela A and Heath, Andrew C and Martin, Nicholas G and Montgomery, Grant W and others},
  journal={Nature genetics},
  volume={42},
  number={7},
  pages={565--569},
  year={2010},
  publisher={Nature Publishing Group}
}


@article{johnstone2009statistical,
  title={Statistical challenges of high-dimensional data},
  author={Johnstone, Iain M and Titterington, D Michael},
  journal={Philosophical Transactions of the Royal Society A: Mathematical, Physical and Engineering Sciences},
  volume={367},
  number={1906},
  pages={4237--4253},
  year={2009},
  publisher={The Royal Society}
}

@article{vattikuti2014applying,
  title={Applying compressed sensing to genome-wide association studies},
  author={Vattikuti, Shashaank and Lee, James J and Chang, Christopher C and Hsu, Stephen DH and Chow, Carson C},
  journal={GigaScience},
  volume={3},
  number={1},
  pages={10},
  year={2014},
  publisher={BioMed Central Ltd}
}

@article{beleza2013genetic,
  title={Genetic architecture of skin and eye color in an African-European admixed population},
  author={Beleza, Sandra and Johnson, Nicholas A and Candille, Sophie I and Absher, Devin M and Coram, Marc A and Lopes, Jailson and Campos, Joana and Ara{\'u}jo, Isabel In{\^e}s and Anderson, Tovi M and Vilhj{\'a}lmsson, Bjarni J and others},
  journal={PLoS genetics},
  volume={9},
  number={3},
  pages={e1003372},
  year={2013},
  publisher={Public Library of Science}
}

@article{chen2014estimating,
  title={Estimating heritability of complex traits from genome-wide association studies using IBS-based Haseman--Elston regression},
  author={Chen, Guo-Bo},
  journal={Frontiers in genetics},
  volume={5},
  year={2014},
  publisher={Frontiers Media SA}
}

@book{hastie2009elements,
  title={The elements of statistical learning},
  author={Hastie, Trevor and Tibshirani, Robert and Friedman, Jerome and Hastie, T and Friedman, J and Tibshirani, R},
  volume={2},
  number={1},
  year={2009},
  publisher={Springer}
}

@article{ormerod2010explaining,
  title={Explaining variational approximations},
  author={Ormerod, JT and Wand, MP},
  journal={The American Statistician},
  volume={64},
  number={2},
  pages={140--153},
  year={2010},
  publisher={Taylor \& Francis}
}



@article{mcculloch1997maximum,
  title={Maximum likelihood algorithms for generalized linear mixed models},
  author={McCulloch, Charles E},
  journal={Journal of the American statistical Association},
  volume={92},
  number={437},
  pages={162--170},
  year={1997},
  publisher={Taylor \& Francis}
}


@article{shepherd2010genomic,
  title={Genomic selection and complex trait prediction using a fast EM algorithm applied to genome-wide markers},
  author={Shepherd, Ross K and Meuwissen, Theo HE and Woolliams, John A},
  journal={BMC bioinformatics},
  volume={11},
  number={1},
  pages={529},
  year={2010},
  publisher={BioMed Central Ltd}
}


@article{gianola2014enhancing,
  title={Enhancing Genome-Enabled Prediction by Bagging Genomic BLUP},
  author={Gianola, Daniel and Weigel, Kent A and Kr{\"a}mer, Nicole and Stella, Alessandra and Sch{\"o}n, Chris-Carolin},
  journal={PloS one},
  volume={9},
  number={4},
  pages={e91693},
  year={2014},
  publisher={Public Library of Science}
}


@book{gelman2013bayesian,
  title={Bayesian data analysis},
  author={Gelman, Andrew and Carlin, John B and Stern, Hal S and Dunson, David B and Vehtari, Aki and Rubin, Donald B},
  year={2013},
  publisher={CRC press}
}




@article{yang2010common,
  title={Common SNPs explain a large proportion of the heritability for human height},
  author={Yang, Jian and Benyamin, Beben and McEvoy, Brian P and Gordon, Scott and Henders, Anjali K and Nyholt, Dale R and Madden, Pamela A and Heath, Andrew C and Martin, Nicholas G and Montgomery, Grant W and others},
  journal={Nature genetics},
  volume={42},
  number={7},
  pages={565--569},
  year={2010},
  publisher={Nature Publishing Group}
}

@article{visscher2012five,
  title={Five years of GWAS discovery},
  author={Visscher, Peter M and Brown, Matthew A and McCarthy, Mark I and Yang, Jian},
  journal={The American Journal of Human Genetics},
  volume={90},
  number={1},
  pages={7--24},
  year={2012},
  publisher={Elsevier}
}

@article{robinson1991blup,
  title={That BLUP is a good thing: The estimation of random effects},
  author={Robinson, George K},
  journal={Statistical science},
  pages={15--32},
  year={1991},
  publisher={JSTOR}
}

@article{gianola2013priors,
  title={Priors in whole-genome regression: the Bayesian alphabet returns},
  author={Gianola, Daniel},
  journal={Genetics},
  volume={194},
  number={3},
  pages={573--596},
  year={2013},
  publisher={Genetics Soc America}
}

@article{yang2012conditional,
  title={Conditional and joint multiple-SNP analysis of GWAS summary statistics identifies additional variants influencing complex traits},
  author={Yang, Jian and Ferreira, Teresa and Morris, Andrew P and Medland, Sarah E and Madden, Pamela AF and Heath, Andrew C and Martin, Nicholas G and Montgomery, Grant W and Weedon, Michael N and Loos, Ruth J and others},
  journal={Nature genetics},
  volume={44},
  number={4},
  pages={369--375},
  year={2012},
  publisher={Nature Publishing Group}
}


@article{mclachlan2006simple,
  title={A simple implementation of a normal mixture approach to differential gene expression in multiclass microarrays},
  author={McLachlan, Geoffrey J and Bean, RW and Jones, L Ben-Tovim},
  journal={Bioinformatics},
  volume={22},
  number={13},
  pages={1608--1615},
  year={2006},
  publisher={Oxford Univ Press}
}

@article{efron2004large,
  title={Large-scale simultaneous hypothesis testing},
  author={Efron, Bradley},
  journal={Journal of the American Statistical Association},
  volume={99},
  number={465},
  year={2004}
}


@article{cantor2010prioritizing,
  title={Prioritizing GWAS results: a review of statistical methods and recommendations for their application},
  author={Cantor, Rita M and Lange, Kenneth and Sinsheimer, Janet S},
  journal={The American Journal of Human Genetics},
  volume={86},
  number={1},
  pages={6--22},
  year={2010},
  publisher={Elsevier}
}

@article{robinson2014explaining,
  title={Explaining additional genetic variation in complex traits},
  author={Robinson, Matthew R and Wray, Naomi R and Visscher, Peter M},
  journal={Trends in Genetics},
  volume={30},
  number={4},
  pages={124--132},
  year={2014},
  publisher={Elsevier}
}

@article{erbe2012improving,
  title={Improving accuracy of genomic predictions within and between dairy cattle breeds with imputed high-density single nucleotide polymorphism panels},
  author={Erbe, M and Hayes, BJ and Matukumalli, LK and Goswami, S and Bowman, PJ and Reich, CM and Mason, BA and Goddard, ME},
  journal={Journal of dairy science},
  volume={95},
  number={7},
  pages={4114--4129},
  year={2012},
  publisher={Elsevier}
}


@article{gianola2013priors,
  title={Priors in whole-genome regression: the Bayesian alphabet returns},
  author={Gianola, Daniel},
  journal={Genetics},
  volume={194},
  number={3},
  pages={573--596},
  year={2013},
  publisher={Genetics Soc America}
}